@article{ref1,
author = {彭焕文, 王伟},
title = {基于分子数据的系统发生树构建[J]},
journal = {植物学报},
volume = {58(02)},
number = {261-273},
year = {2023}
}
@article{ref2,
author = {Needleman SB, Wunsch CD},
title = {A general method applicable to the search for similarities in the amino acid sequence of two proteins[J]},
journal = {J Mol Biol},
volume = {48(3)},
number = {443-53},
year = {1970 Mar}
}
@article{ref3,
author = {mmqwqf},
title = {基于python的非加权分组平均法构造简单系统发生树（DNA）[EB/OL]},
year = {(2020-10-12)},
journal = {},
abstract = {https://blog.csdn.net\newline/mmqwqf/article/details/108988456.}
}
@article{ref4,
author = {Python Software Foundation},
title = {History and License[EB/OL]},
journal = {期刊名},
year = {(2024-09-21)},
journal = {},
abstract = {https://docs.python.org/3/license.html}
}